@book{tu2010introduction,
  title = {An Introduction to Manifolds},
  author = {Tu, L.W.},
  date = {2010},
  series = {Universitext},
  publisher = {Springer New York},
  url = {https://books.google.com.tw/books?id=xQsTJJGsgs4C},
  isbn = {978-1-4419-7400-6},
  lccn = {2010936466}
}
